@techreport{rukhin2001statistical,
  title={A statistical test suite for random and pseudorandom number generators for cryptographic applications},
  author={Rukhin, Andrew and Soto, Juan and Nechvatal, James and Smid, Miles and Barker, Elaine},
  year={2001},
  institution={Booz-Allen and Hamilton Inc Mclean Va}
}

@inproceedings{kelsey1998cryptanalytic,
  title={Cryptanalytic attacks on pseudorandom number generators},
  author={Kelsey, John and Schneier, Bruce and Wagner, David and Hall, Chris},
  booktitle={Fast Software Encryption},
  pages={168--188},
  year={1998},
  organization={Springer}
}

@article{lavasani2009practical,
  title={Practical next bit test for evaluating pseudorandom sequences},
  author={Lavasani, A and Eghlidos, T},
  journal={Scientia Iranica. Transaction D, Computer Science \& Engineering, Electrical},
  volume={16},
  number={1},
  pages={19},
  year={2009},
  publisher={Sharif University of Technology}
}

@book{menezes1996handbook,
  title={Handbook of applied cryptography},
  author={Menezes, Alfred J and Van Oorschot, Paul C and Vanstone, Scott A},
  year={1996},
  publisher={CRC press}
}
