@article{abadi2016learning,
  title={Learning to protect communications with adversarial neural cryptography},
  author={Abadi, Mart{\'\i}n and Andersen, David G},
  journal={arXiv preprint arXiv:1610.06918},
  year={2016}
}

@inproceedings{desai2011pseudo,
  title={Pseudo random number generator using Elman neural network},
  author={Desai, VV and Deshmukh, VB and Rao, DH},
  booktitle={Recent Advances in Intelligent Computational Systems (RAICS), 2011 IEEE},
  pages={251--254},
  year={2011},
  organization={IEEE}
}

@book{ferguson2011cryptography,
  title={Cryptography engineering: design principles and practical applications},
  author={Ferguson, Niels and Schneier, Bruce and Kohno, Tadayoshi},
  year={2011},
  publisher={John Wiley \& Sons}
}

@inproceedings{goodfellow2014generative,
  title={Generative adversarial nets},
  author={Goodfellow, Ian and Pouget-Abadie, Jean and Mirza, Mehdi and Xu, Bing and Warde-Farley, David and Ozair, Sherjil and Courville, Aaron and Bengio, Yoshua},
  booktitle={Advances in neural information processing systems},
  pages={2672--2680},
  year={2014}
}

@article{goodfellow2016nips,
  title={NIPS 2016 tutorial: Generative adversarial networks},
  author={Goodfellow, Ian},
  journal={arXiv preprint arXiv:1701.00160},
  year={2016}
}

@inproceedings{tirdad2010hopfield,
  title={Hopfield neural networks as pseudo random number generators},
  author={Tirdad, Kayvan and Sadeghian, Alireza},
  booktitle={Fuzzy Information Processing Society (NAFIPS), 2010 Annual Meeting of the North American},
  pages={1--6},
  year={2010},
  organization={IEEE}
}
