@article{abadi2016learning,
  title={Learning to protect communications with adversarial neural cryptography},
  author={Abadi, Mart{\'\i}n and Andersen, David G},
  journal={arXiv preprint arXiv:1610.06918},
  year={2016}
}

@article{albelwi2017framework,
  title={A framework for designing the architectures of deep convolutional neural networks},
  author={Albelwi, Saleh and Mahmood, Ausif},
  journal={Entropy},
  volume={19},
  number={6},
  pages={242},
  year={2017},
  publisher={Multidisciplinary Digital Publishing Institute}
}

@misc{amazon2018aws,
  title = {Machine Learning on AWS},
  author = {Amazon.com, Inc.},
  howpublished = {\url{https://aws.amazon.com/machine-learning/}},
  note = {Accessed: 17/03/2018}
}

@book{anderson2010security,
  title={Security engineering: a guide to building dependable distributed systems},
  author={Anderson, Ross J},
  year={2010},
  publisher={John Wiley \& Sons}
}

@book{barker2007recommendation,
  title={Recommendation for random number generation using deterministic random bit generators (revised)},
  author={Barker, Elaine B and Kelsey, John Michael},
  year={2007},
  publisher={US Department of Commerce, Technology Administration, National Institute of Standards and Technology, Computer Security Division, Information Technology Laboratory}
}

@book{bennett2009randomness,
  title={Randomness},
  author={Bennett, Deborah J},
  year={2009},
  publisher={Harvard University Press}
}

@misc{bhatia2017why,
  title = {Google's TensorFlow Gaining Popularity. Why?},
  howpublished = {\url{https://analyticsindiamag.com/googles-tensorflow-gaining-popularity/}},
  note = {Accessed: 04/11/2018}
}

@article{bierhorst2018experimentally,
  title={Experimentally Generated Randomness Certified by the Impossibility of Superluminal Signals},
  author={Bierhorst, Peter and Knill, Emanuel and Glancy, Scott and Zhang, Yanbao and Mink, Alan and Jordan, Stephen and Rommal, Andrea and Liu, Yi-Kai and Christensen, Bradley and Nam, Sae Woo and others},
  journal={arXiv preprint arXiv:1803.06219},
  year={2018}
}

@misc{brown2018dieharder,
  title = {Dieharder: A Random Number Test Suite},
  howpublished = {\url{https://webhome.phy.duke.edu/~rgb/General/dieharder.php}},
  note = {Accessed: 04/11/2018}
}

@book{cormen2009introduction,
  title={Introduction to algorithms},
  author={Cormen, Thomas H and Leiserson, Charles E and Rivest, Ronald L and Stein, Clifford},
  year={2009},
  publisher={MIT press}
}

@book{cover2012elements,
  title={Elements of information theory},
  author={Cover, Thomas M and Thomas, Joy A},
  year={2012},
  publisher={John Wiley \& Sons}
}

@article{deng2017developments,
  title={Developments in pseudo-random number generators},
  author={Deng, Lih-Yuan and Bowman, Dale},
  journal={Wiley Interdisciplinary Reviews: Computational Statistics},
  volume={9},
  number={5},
  year={2017},
  publisher={Wiley Online Library}
}

@inproceedings{desai2011pseudo,
  title={Pseudo random number generator using Elman neural network},
  author={Desai, VV and Deshmukh, VB and Rao, DH},
  booktitle={Recent Advances in Intelligent Computational Systems (RAICS), 2011 IEEE},
  pages={251--254},
  year={2011},
  organization={IEEE}
}

@article{desai2012pseudo,
  title={Pseudo random number generator using time delay neural network},
  author={Desai, VV and Patil, Ravindra T and Deshmukh, VB and Rao, DH},
  journal={World},
  volume={2},
  number={10},
  pages={165--169},
  year={2012}
}

@misc{docker2018,
  title = {Docker},
  howpublished = {\url{https://www.docker.com/}},
  note = {Accessed: 23/04/2018}
}

@misc{donald1998art,
  title={The Art of Computer Programming, Volume 2: Semi Numerical Algorithms},
  author={Donald, Knuth and others},
  year={1998},
  publisher={Addison-Wesley}
}

@misc{jetbrains2018pycharm,
  title = {Jetbrains: Pycharm},
  howpublished = {\url{https://www.jetbrains.com/pycharm/}},
  note = {Accessed: 23/04/2018}
}

@misc{jgraph2018draw,
  title = {draw.io},
  author = {JGraph Ltd.},
  howpublished = {\url{https://www.draw.io/}},
  note = {Accessed: 20/03/2018}
}

@article{fan2018learning,
  title={Learning from Pseudo-Randomness With an Artificial Neural Network-Does God Play Pseudo-Dice?},
  author={Fan, Fenglei and Wang, Ge},
  journal={arXiv preprint arXiv:1801.01117},
  year={2018}
}

@article{ferguson2010cryptography,
  title={Cryptography engineering},
  author={Ferguson, Niels and Schneier, Bruce and Kohno, Tadayoshi},
  journal={Design Princi},
  year={2010}
}

@misc{forbes2016short,
  title = {A Short History of Machine Learning -- Every Manager Should Read},
  howpublished = {\url{https://www.forbes.com/sites/bernardmarr/2016/02/19/a-short-history-of-machine-learning-every-manager-should-read/#29b44c5c15e7}},
  note = {Accessed: 17/03/2018}
}

@misc{git2018,
  title = {git},
  howpublished = {\url{https://git-scm.com/}},
  note = {Accessed: 23/04/2018}
}

@inproceedings{goodfellow2014generative,
  title={Generative adversarial nets},
  author={Goodfellow, Ian and Pouget-Abadie, Jean and Mirza, Mehdi and Xu, Bing and Warde-Farley, David and Ozair, Sherjil and Courville, Aaron and Bengio, Yoshua},
  booktitle={Advances in neural information processing systems},
  pages={2672--2680},
  year={2014}
}

@book{goodfellow2016deep,
    title={Deep Learning},
    author={Ian Goodfellow and Yoshua Bengio and Aaron Courville},
    publisher={MIT Press},
    note={\url{http://www.deeplearningbook.org}},
    year={2016}
}

@article{goodfellow2016nips,
  title={NIPS 2016 tutorial: Generative adversarial networks},
  author={Goodfellow, Ian},
  journal={arXiv preprint arXiv:1701.00160},
  year={2016}
}

@misc{google2018automl,
  title = {Cloud AutoML Alpha - Train high quality custom machine learning models with minimum effort and machine learning expertise},
  author = {Google LLC},
  howpublished = {\url{https://cloud.google.com/automl/}},
  note = {Accessed: 17/03/2018}
}

@misc{google2018trends,
  title = {Google Trends},
  author = {Google LLC},
  howpublished = {\url{https://trends.google.com/trends/}},
  note = {Accessed: 17/03/2018}
}

@misc{karpathy2017cs231n,
  author        = {Andrej Karpathy},
  title         	 = {Lecture Notes for CS231n Convolutional Neural Networks for Visual Recognition},
  year            = {2017},
  publisher={Stanford University}
}

@book{katz2014introduction,
  title={Introduction to modern cryptography},
  author={Katz, Jonathan and Lindell, Yehuda},
  year={2014},
  publisher={CRC press}
}

@article{kingma2014adam,
  title={Adam: A method for stochastic optimization},
  author={Kingma, Diederik P and Ba, Jimmy},
  journal={arXiv preprint arXiv:1412.6980},
  year={2014}
}

@inproceedings{kelsey1998cryptanalytic,
  title={Cryptanalytic attacks on pseudorandom number generators},
  author={Kelsey, John and Schneier, Bruce and Wagner, David and Hall, Chris},
  booktitle={Fast Software Encryption},
  pages={168--188},
  year={1998},
  organization={Springer}
}

@misc{keras,
  title = { Keras: The Python Deep Learning library},
  howpublished = {\url{www.keras.io }},
  note = {Accessed: 12/08/2017}
}

@inproceedings{klimov2002analysis,
  title={Analysis of neural cryptography},
  author={Klimov, Alexander and Mityagin, Anton and Shamir, Adi},
  booktitle={International Conference on the Theory and Application of Cryptology and Information Security},
  pages={288--298},
  year={2002},
  organization={Springer}
}

@article{lavasani2009practical,
  title={Practical next bit test for evaluating pseudorandom sequences},
  author={Lavasani, A and Eghlidos, T},
  journal={Scientia Iranica. Transaction D, Computer Science \& Engineering, Electrical},
  volume={16},
  number={1},
  pages={19},
  year={2009},
  publisher={Sharif University of Technology}
}

@article{matsumoto1998mersenne,
  title={Mersenne twister: a 623-dimensionally equidistributed uniform pseudo-random number generator},
  author={Matsumoto, Makoto and Nishimura, Takuji},
  journal={ACM Transactions on Modeling and Computer Simulation (TOMACS)},
  volume={8},
  number={1},
  pages={3--30},
  year={1998},
  publisher={ACM}
}

@misc{medcalc2018mod,
  title = {MedCalc Manual: MOD function},
  author = {MedCalc Software bvba},
  howpublished = {\url{https://www.medcalc.org/manual/mod_function.php}},
  note = {Accessed: 23/04/2018}
}

@inproceedings{melicher2016fast,
  title={Fast, Lean, and Accurate: Modeling Password Guessability Using Neural Networks.},
  author={Melicher, William and Ur, Blase and Segreti, Sean M and Komanduri, Saranga and Bauer, Lujo and Christin, Nicolas and Cranor, Lorrie Faith},
  booktitle={USENIX Security Symposium},
  pages={175--191},
  year={2016}
}

@book{menezes1996handbook,
  title={Handbook of applied cryptography},
  author={Menezes, Alfred J and Van Oorschot, Paul C and Vanstone, Scott A},
  year={1996},
  publisher={CRC press}
}

@misc{microsoft2018azure,
  title = {Azure Machine Learning - Open and elastic AI development spanning the cloud and the edge},
  author = {Microsoft Corporation},
  howpublished = {\url{https://azure.microsoft.com/en-gb/overview/machine-learning/}},
  note = {Accessed: 17/03/2018}
}

@misc{ng2017cs229,
  author        = {Ng, Andrew},
  title         = {CS229 Lecture Notes},
  month         = {September},
  year          = {2017},
  publisher={Stanford University}
}

@misc{numpy,
	title= {NumPy - the fundamental package for scientific computing with Python},
	howpublished = {\url{http://www.numpy.org}},
	note = {Accessed: 25/02/2018}
}

@misc{python,
  title = { Welcome to Python.org },
  howpublished = {\url{www.python.org }},
  note = {Accessed: 12/08/2017}
}

@techreport{rukhin2001statistical,
  title={A statistical test suite for random and pseudorandom number generators for cryptographic applications},
  author={Rukhin, Andrew and Soto, Juan and Nechvatal, James and Smid, Miles and Barker, Elaine},
  year={2001},
  institution={Booz-Allen and Hamilton Inc Mclean Va}
}

@book{russel2009artificial,
 author = {Russell, Stuart and Norvig, Peter},
 title = {Artificial Intelligence: A Modern Approach},
 year = {2009},
 isbn = {0136042597, 9780136042594},
 edition = {3rd},
 publisher = {Prentice Hall Press},
 address = {Upper Saddle River, NJ, USA},
}

@misc{sharma2017activation,
  title = {Activation Functions: Neural Networks},
  author = {Sharma, Sagar},
  howpublished = {\url{https://towardsdatascience.com/activation-functions-neural-networks-1cbd9f8d91d6}},
  note = {Accessed: 19/03/2018}
}

@misc{tensorflow,
  title = {TensorFlow: an open-source software library for Machine Intelligence },
  howpublished = {\url{www.tensorflow.org }},
  note = {Accessed: 12/08/2017}
}

@misc{tensorflow2018graphs,
  title = {TensorFlow: Graphs and Sessions},
  howpublished = {\url{https://www.tensorflow.org/programmers_guide/graphs}},
  note = {Accessed: 11/04/2018}
}

@misc{tensorflow2018intro,
  title = {TensorFlow: Introduction},
  howpublished = {\url{https://www.tensorflow.org/programmers_guide/low_level_intro}},
  note = {Accessed: 11/04/2018}
}

@misc{tensorflow2018tfgan,
  title = {TFGAN Tutorial},
  author = {Joel Shor},
  howpublished = {\url{https://github.com/tensorflow/models/blob/master/research/gan/tutorial.ipynb}},
  note = {Accessed: 21/04/2018}
}

@misc{tensorflow2018tutorials,
  title = {TensorFlow: Tutorials},
  howpublished = {\url{https://www.tensorflow.org/tutorials/}},
  note = {Accessed: 21/04/2018}
}

@misc{terr2009math,
  title = {mathamazement.com},
  author = {Terr, David},
  howpublished = {\url{http://www.mathamazement.com/}},
  note = {Accessed: 19/03/2018}
}

@inproceedings{tirdad2010hopfield,
  title={Hopfield neural networks as pseudo random number generators},
  author={Tirdad, Kayvan and Sadeghian, Alireza},
  booktitle={Fuzzy Information Processing Society (NAFIPS), 2010 Annual Meeting of the North American},
  pages={1--6},
  year={2010},
  organization={IEEE}
}

@article{wen2014exponential,
  title={Exponential adaptive lag synchronization of memristive neural networks via fuzzy method and applications in pseudorandom number generators},
  author={Wen, Shiping and Zeng, Zhigang and Huang, Tingwen and Zhang, Yide},
  journal={IEEE Transactions on Fuzzy Systems},
  volume={22},
  number={6},
  pages={1704--1713},
  year={2014},
  publisher={IEEE}
}